% bmc_article.bib
% 
%  An example of bibtex entries.
%  Entries taken from BMC instructions for authors page.

% uncomment next line to make author-year bibliography
% @settings{label, options="nameyear"}

@article{brbic2016landscape,
  title={The landscape of microbial phenotypic traits and associated genes},
  author={Brbi{\'c}, Maria and Pi{\v{s}}korec, Matija and Vidulin, Vedrana and Kri{\v{s}}ko, Anita and {\v{S}}muc, Tomislav and Supek, Fran},
  journal={Nucleic acids research},
  pages={gkw964},
  year={2016},
  publisher={Oxford University Press}
}

@article{johnson2019evaluation,
  title={Evaluation of 16S rRNA gene sequencing for species and strain-level microbiome analysis},
  author={Johnson, Jethro S and Spakowicz, Daniel J and Hong, Bo-Young and Petersen, Lauren M and Demkowicz, Patrick and Chen, Lei and Leopold, Shana R and Hanson, Blake M and Agresta, Hanako O and Gerstein, Mark and others},
  journal={Nature communications},
  volume={10},
  number={1},
  pages={1--11},
  year={2019},
  publisher={Nature Publishing Group}
}

@article{madin2020synthesis,
  title={A synthesis of bacterial and archaeal phenotypic trait data},
  author={Madin, Joshua S and Nielsen, Daniel A and Brbic, Maria and Corkrey, Ross and Danko, David and Edwards, Kyle and Engqvist, Martin KM and Fierer, Noah and Geoghegan, Jemma L and Gillings, Michael and others},
  journal={Scientific Data},
  volume={7},
  number={1},
  pages={1--8},
  year={2020},
  publisher={Nature Publishing Group}
}

@article{mukherjee2021genomes,
  title={Genomes OnLine Database (GOLD) v. 8: overview and updates},
  author={Mukherjee, Supratim and Stamatis, Dimitri and Bertsch, Jon and Ovchinnikova, Galina and Sundaramurthi, Jagadish Chandrabose and Lee, Janey and Kandimalla, Mahathi and Chen, I-Min A and Kyrpides, Nikos C and Reddy, TBK},
  journal={Nucleic acids research},
  volume={49},
  number={D1},
  pages={D723--D733},
  year={2021},
  publisher={Oxford University Press}
}

@article{weissman2021exploring,
  title={Exploring the functional composition of the human microbiome using a hand-curated microbial trait database},
  author={Weissman, Jake L and Dogra, Sonia and Javadi, Keyan and Bolten, Samantha and Flint, Rachel and Davati, Cyrus and Beattie, Jess and Dixit, Keshav and Peesay, Tejasvi and Awan, Shehar and others},
  journal={BMC bioinformatics},
  volume={22},
  number={1},
  pages={1--21},
  year={2021},
  publisher={BioMed Central}
}

@article{schoch2020ncbi,
  title={NCBI Taxonomy: a comprehensive update on curation, resources and tools},
  author={Schoch, Conrad L and Ciufo, Stacy and Domrachev, Mikhail and Hotton, Carol L and Kannan, Sivakumar and Khovanskaya, Rogneda and Leipe, Detlef and Mcveigh, Richard and Oâ€™Neill, Kathleen and Robbertse, Barbara and others},
  journal={Database},
  volume={2020},
  year={2020},
  publisher={Oxford Academic}
}
