
@article{beghini2021integrating,
  title = {Integrating Taxonomic, Functional, and Strain-Level Profiling of Diverse Microbial Communities with {{bioBakery}} 3},
  author = {Beghini, Francesco and McIver, Lauren J and {Blanco-M{\'i}guez}, Aitor and Dubois, Leonard and Asnicar, Francesco and Maharjan, Sagun and Mailyan, Ana and Manghi, Paolo and Scholz, Matthias and Thomas, Andrew Maltez and {Valles-Colomer}, Mireia and Weingart, George and Zhang, Yancong and Zolfo, Moreno and Huttenhower, Curtis and Franzosa, Eric A and Segata, Nicola},
  editor = {Turnbaugh, Peter and Franco, Eduardo and Brown, C Titus},
  year = {2021},
  month = may,
  journal = {eLife},
  volume = {10},
  pages = {e65088},
  publisher = {{eLife Sciences Publications, Ltd}},
  issn = {2050-084X},
  doi = {10.7554/eLife.65088},
  keywords = {computational analysis,metagenomics,microbial genomics,microbiome},
  file = {/Users/quangnguyen/Zotero/storage/PJHJQ8SL/Beghini et al_2021_Integrating taxonomic, functional, and strain-level profiling of diverse.pdf}
}

@article{bolyen2019reproducible,
  title = {Reproducible, Interactive, Scalable and Extensible Microbiome Data Science Using {{QIIME}} 2},
  author = {Bolyen, Evan and Rideout, Jai Ram and Dillon, Matthew R. and Bokulich, Nicholas A. and Abnet, Christian C. and {Al-Ghalith}, Gabriel A. and Alexander, Harriet and Alm, Eric J. and Arumugam, Manimozhiyan and Asnicar, Francesco and Bai, Yang and Bisanz, Jordan E. and Bittinger, Kyle and Brejnrod, Asker and Brislawn, Colin J. and Brown, C. Titus and Callahan, Benjamin J. and {Caraballo-Rodr{\'i}guez}, Andr{\'e}s Mauricio and Chase, John and Cope, Emily K. and Silva, Ricardo Da and Diener, Christian and Dorrestein, Pieter C. and Douglas, Gavin M. and Durall, Daniel M. and Duvallet, Claire and Edwardson, Christian F. and Ernst, Madeleine and Estaki, Mehrbod and Fouquier, Jennifer and Gauglitz, Julia M. and Gibbons, Sean M. and Gibson, Deanna L. and Gonzalez, Antonio and Gorlick, Kestrel and Guo, Jiarong and Hillmann, Benjamin and Holmes, Susan and Holste, Hannes and Huttenhower, Curtis and Huttley, Gavin A. and Janssen, Stefan and Jarmusch, Alan K. and Jiang, Lingjing and Kaehler, Benjamin D. and Kang, Kyo Bin and Keefe, Christopher R. and Keim, Paul and Kelley, Scott T. and Knights, Dan and Koester, Irina and Kosciolek, Tomasz and Kreps, Jorden and Langille, Morgan G. I. and Lee, Joslynn and Ley, Ruth and Liu, Yong-Xin and Loftfield, Erikka and Lozupone, Catherine and Maher, Massoud and Marotz, Clarisse and Martin, Bryan D. and McDonald, Daniel and McIver, Lauren J. and Melnik, Alexey V. and Metcalf, Jessica L. and Morgan, Sydney C. and Morton, Jamie T. and Naimey, Ahmad Turan and {Navas-Molina}, Jose A. and Nothias, Louis Felix and Orchanian, Stephanie B. and Pearson, Talima and Peoples, Samuel L. and Petras, Daniel and Preuss, Mary Lai and Pruesse, Elmar and Rasmussen, Lasse Buur and Rivers, Adam and Robeson, Michael S. and Rosenthal, Patrick and Segata, Nicola and Shaffer, Michael and Shiffer, Arron and Sinha, Rashmi and Song, Se Jin and Spear, John R. and Swafford, Austin D. and Thompson, Luke R. and Torres, Pedro J. and Trinh, Pauline and Tripathi, Anupriya and Turnbaugh, Peter J. and {Ul-Hasan}, Sabah and van der Hooft, Justin J. J. and Vargas, Fernando and {V{\'a}zquez-Baeza}, Yoshiki and Vogtmann, Emily and von Hippel, Max and Walters, William and Wan, Yunhu and Wang, Mingxun and Warren, Jonathan and Weber, Kyle C. and Williamson, Charles H. D. and Willis, Amy D. and Xu, Zhenjiang Zech and Zaneveld, Jesse R. and Zhang, Yilong and Zhu, Qiyun and Knight, Rob and Caporaso, J. Gregory},
  year = {2019},
  month = aug,
  journal = {Nature Biotechnology},
  volume = {37},
  number = {8},
  pages = {852--857},
  issn = {1546-1696},
  doi = {10.1038/s41587-019-0209-9},
  copyright = {2019 The Author(s), under exclusive licence to Springer Nature America, Inc.},
  langid = {english},
  file = {/Users/quangnguyen/Zotero/storage/8PJIPMV7/Bolyen et al. - 2019 - Reproducible, interactive, scalable and extensible.pdf;/Users/quangnguyen/Zotero/storage/6S4T3MTH/s41587-019-0209-9.html}
}

@article{brbic2016landscape,
  title = {The Landscape of Microbial Phenotypic Traits and Associated Genes},
  author = {Brbi{\'c}, Maria and Pi{\v s}korec, Matija and Vidulin, Vedrana and Kri{\v s}ko, Anita and {\v S}muc, Tomislav and Supek, Fran},
  year = {2016},
  month = oct,
  journal = {Nucleic Acids Res},
  pages = {gkw964},
  issn = {0305-1048, 1362-4962},
  doi = {10.1093/nar/gkw964},
  langid = {english},
  file = {/Users/quangnguyen/Zotero/storage/NSTL3BX9/Brbić et al_2016_The landscape of microbial phenotypic traits and associated genes.pdf}
}

@article{callahan2016dada2,
  title = {{{DADA2}}: {{High-resolution}} Sample Inference from {{Illumina}} Amplicon Data},
  shorttitle = {{{DADA2}}},
  author = {Callahan, Benjamin J. and McMurdie, Paul J. and Rosen, Michael J. and Han, Andrew W. and Johnson, Amy Jo A. and Holmes, Susan P.},
  year = {2016},
  month = jul,
  journal = {Nature Methods},
  volume = {13},
  number = {7},
  pages = {581--583},
  issn = {1548-7105},
  doi = {10.1038/nmeth.3869},
  copyright = {2016 Nature Publishing Group},
  langid = {english},
  file = {/Users/quangnguyen/Zotero/storage/EYZCEESN/Callahan et al_2016_DADA2.pdf;/Users/quangnguyen/Zotero/storage/ZW6B3BTP/nmeth.html}
}

@article{caspi2020metacyc,
  title = {The {{MetaCyc}} Database of Metabolic Pathways and Enzymes - a 2019 Update},
  author = {Caspi, Ron and Billington, Richard and Keseler, Ingrid M and Kothari, Anamika and Krummenacker, Markus and Midford, Peter E and Ong, Wai Kit and Paley, Suzanne and Subhraveti, Pallavi and Karp, Peter D},
  year = {2020},
  month = jan,
  journal = {Nucleic Acids Research},
  volume = {48},
  number = {D1},
  pages = {D445-D453},
  issn = {0305-1048},
  doi = {10.1093/nar/gkz862},
  file = {/Users/quangnguyen/Zotero/storage/NB3M4BUX/Caspi et al. - 2020 - The MetaCyc database of metabolic pathways and enz.pdf;/Users/quangnguyen/Zotero/storage/QXWMY2WG/5581728.html}
}

@article{choudhary2019pysradb,
  title = {Pysradb: {{A Python}} Package to Query next-Generation Sequencing Metadata and Data from {{NCBI Sequence Read Archive}}},
  shorttitle = {Pysradb},
  author = {Choudhary, Saket},
  year = {2019},
  month = apr,
  journal = {F1000Res},
  volume = {8},
  pages = {532},
  issn = {2046-1402},
  doi = {10.12688/f1000research.18676.1},
  langid = {english},
  file = {/Users/quangnguyen/Zotero/storage/HRRY9KAW/Choudhary_2019_pysradb.pdf}
}

@article{consortium2012structure,
  title = {Structure, Function and Diversity of the Healthy Human Microbiome},
  author = {Consortium, The Human Microbiome Project and Huttenhower, Curtis and Gevers, Dirk and Knight, Rob and Abubucker, Sahar and Badger, Jonathan H. and Chinwalla, Asif T. and Creasy, Heather H. and Earl, Ashlee M. and FitzGerald, Michael G. and Fulton, Robert S. and Giglio, Michelle G. and {Hallsworth-Pepin}, Kymberlie and Lobos, Elizabeth A. and Madupu, Ramana and Magrini, Vincent and Martin, John C. and Mitreva, Makedonka and Muzny, Donna M. and Sodergren, Erica J. and Versalovic, James and Wollam, Aye M. and Worley, Kim C. and Wortman, Jennifer R. and Young, Sarah K. and Zeng, Qiandong and Aagaard, Kjersti M. and Abolude, Olukemi O. and {Allen-Vercoe}, Emma and Alm, Eric J. and Alvarado, Lucia and Andersen, Gary L. and Anderson, Scott and Appelbaum, Elizabeth and Arachchi, Harindra M. and Armitage, Gary and Arze, Cesar A. and Ayvaz, Tulin and Baker, Carl C. and Begg, Lisa and Belachew, Tsegahiwot and Bhonagiri, Veena and Bihan, Monika and Blaser, Martin J. and Bloom, Toby and Bonazzi, Vivien and Brooks, J. Paul and Buck, Gregory A. and Buhay, Christian J. and Busam, Dana A. and Campbell, Joseph L. and Canon, Shane R. and Cantarel, Brandi L. and Chain, Patrick S. G. and Chen, I.-Min A. and Chen, Lei and Chhibba, Shaila and Chu, Ken and Ciulla, Dawn M. and Clemente, Jose C. and Clifton, Sandra W. and Conlan, Sean and Crabtree, Jonathan and Cutting, Mary A. and Davidovics, Noam J. and Davis, Catherine C. and DeSantis, Todd Z. and Deal, Carolyn and Delehaunty, Kimberley D. and Dewhirst, Floyd E. and Deych, Elena and Ding, Yan and Dooling, David J. and Dugan, Shannon P. and Dunne, Wm Michael and Durkin, A. Scott and Edgar, Robert C. and Erlich, Rachel L. and Farmer, Candace N. and Farrell, Ruth M. and Faust, Karoline and Feldgarden, Michael and Felix, Victor M. and Fisher, Sheila and Fodor, Anthony A. and Forney, Larry J. and Foster, Leslie and Francesco, Valentina Di and Friedman, Jonathan and Friedrich, Dennis C. and Fronick, Catrina C. and Fulton, Lucinda L. and Gao, Hongyu and Garcia, Nathalia and Giannoukos, Georgia and Giblin, Christina and Giovanni, Maria Y. and Goldberg, Jonathan M. and Goll, Johannes and Gonzalez, Antonio and Griggs, Allison and Gujja, Sharvari and Haake, Susan Kinder and Haas, Brian J. and Hamilton, Holli A. and Harris, Emily L. and Hepburn, Theresa A. and Herter, Brandi and Hoffmann, Diane E. and Holder, Michael E. and Howarth, Clinton and Huang, Katherine H. and Huse, Susan M. and Izard, Jacques and Jansson, Janet K. and Jiang, Huaiyang and Jordan, Catherine and Joshi, Vandita and Katancik, James A. and Keitel, Wendy A. and Kelley, Scott T. and Kells, Cristyn and King, Nicholas B. and Knights, Dan and Kong, Heidi H. and Koren, Omry and Koren, Sergey and Kota, Karthik C. and Kovar, Christie L. and Kyrpides, Nikos C. and Rosa, Patricio S. La and Lee, Sandra L. and Lemon, Katherine P. and Lennon, Niall and Lewis, Cecil M. and Lewis, Lora and Ley, Ruth E. and Li, Kelvin and Liolios, Konstantinos and Liu, Bo and Liu, Yue and Lo, Chien-Chi and Lozupone, Catherine A. and Lunsford, R. Dwayne and Madden, Tessa and Mahurkar, Anup A. and Mannon, Peter J. and Mardis, Elaine R. and Markowitz, Victor M. and Mavromatis, Konstantinos and McCorrison, Jamison M. and McDonald, Daniel and McEwen, Jean and McGuire, Amy L. and McInnes, Pamela and Mehta, Teena and Mihindukulasuriya, Kathie A. and Miller, Jason R. and Minx, Patrick J. and Newsham, Irene and Nusbaum, Chad and O'Laughlin, Michelle and Orvis, Joshua and Pagani, Ioanna and Palaniappan, Krishna and Patel, Shital M. and Pearson, Matthew and Peterson, Jane and Podar, Mircea and Pohl, Craig and Pollard, Katherine S. and Pop, Mihai and Priest, Margaret E. and Proctor, Lita M. and Qin, Xiang and Raes, Jeroen and Ravel, Jacques and Reid, Jeffrey G. and Rho, Mina and Rhodes, Rosamond and Riehle, Kevin P. and Rivera, Maria C. and {Rodriguez-Mueller}, Beltran and Rogers, Yu-Hui and Ross, Matthew C. and Russ, Carsten and Sanka, Ravi K. and Sankar, Pamela and Sathirapongsasuti, J. Fah and Schloss, Jeffery A. and Schloss, Patrick D. and Schmidt, Thomas M. and Scholz, Matthew and Schriml, Lynn and Schubert, Alyxandria M. and Segata, Nicola and Segre, Julia A. and Shannon, William D. and Sharp, Richard R. and Sharpton, Thomas J. and Shenoy, Narmada and Sheth, Nihar U. and Simone, Gina A. and Singh, Indresh and Smillie, Christopher S. and Sobel, Jack D. and Sommer, Daniel D. and Spicer, Paul and Sutton, Granger G. and Sykes, Sean M. and Tabbaa, Diana G. and Thiagarajan, Mathangi and Tomlinson, Chad M. and Torralba, Manolito and Treangen, Todd J. and Truty, Rebecca M. and Vishnivetskaya, Tatiana A. and Walker, Jason and Wang, Lu and Wang, Zhengyuan and Ward, Doyle V. and Warren, Wesley and Watson, Mark A. and Wellington, Christopher and Wetterstrand, Kris A. and White, James R. and {Wilczek-Boney}, Katarzyna and Wu, YuanQing and Wylie, Kristine M. and Wylie, Todd and Yandava, Chandri and Ye, Liang and Ye, Yuzhen and Yooseph, Shibu and Youmans, Bonnie P. and Zhang, Lan and Zhou, Yanjiao and Zhu, Yiming and Zoloth, Laurie and Zucker, Jeremy D. and Birren, Bruce W. and Gibbs, Richard A. and Highlander, Sarah K. and Meth{\'e}, Barbara A. and Nelson, Karen E. and Petrosino, Joseph F. and Weinstock, George M. and Wilson, Richard K. and White, Owen},
  year = {2012},
  month = jun,
  journal = {Nature},
  volume = {486},
  number = {7402},
  pages = {207--214},
  issn = {1476-4687},
  doi = {10.1038/nature11234},
  copyright = {2012 Nature Publishing Group},
  langid = {english},
  file = {/Users/quangnguyen/Zotero/storage/LA38S2UA/Consortium et al. - 2012 - Structure, function and diversity of the healthy h.pdf;/Users/quangnguyen/Zotero/storage/PZZXEXYU/nature11234.html}
}

@article{douglas2020picrust2,
  title = {{{PICRUSt2}} for Prediction of Metagenome Functions},
  author = {Douglas, Gavin M. and Maffei, Vincent J. and Zaneveld, Jesse R. and Yurgel, Svetlana N. and Brown, James R. and Taylor, Christopher M. and Huttenhower, Curtis and Langille, Morgan G. I.},
  year = {2020},
  month = jun,
  journal = {Nature Biotechnology},
  volume = {38},
  number = {6},
  pages = {685--688},
  publisher = {{Nature Publishing Group}},
  issn = {1546-1696},
  doi = {10.1038/s41587-020-0548-6},
  copyright = {2020 The Author(s), under exclusive licence to Springer Nature America, Inc.},
  langid = {english},
  file = {/Users/quangnguyen/Zotero/storage/7CLXYPFU/Douglas et al. - 2020 - PICRUSt2 for prediction of metagenome functions.pdf;/Users/quangnguyen/Zotero/storage/WZIA7I98/s41587-020-0548-6.html}
}

@article{gevers2014treatmentnaive,
  title = {The {{Treatment-Naive Microbiome}} in {{New-Onset Crohn}}'s {{Disease}}},
  author = {Gevers, Dirk and Kugathasan, Subra and Denson, Lee~A. and {V{\'a}zquez-Baeza}, Yoshiki and Van~Treuren, Will and Ren, Boyu and Schwager, Emma and Knights, Dan and Song, Se~Jin and Yassour, Moran and Morgan, Xochitl~C. and Kostic, Aleksandar~D. and Luo, Chengwei and Gonz{\'a}lez, Antonio and McDonald, Daniel and Haberman, Yael and Walters, Thomas and Baker, Susan and Rosh, Joel and Stephens, Michael and Heyman, Melvin and Markowitz, James and Baldassano, Robert and Griffiths, Anne and Sylvester, Francisco and Mack, David and Kim, Sandra and Crandall, Wallace and Hyams, Jeffrey and Huttenhower, Curtis and Knight, Rob and Xavier, Ramnik~J.},
  year = {2014},
  month = mar,
  journal = {Cell Host \& Microbe},
  volume = {15},
  number = {3},
  pages = {382--392},
  issn = {1931-3128},
  doi = {10.1016/j.chom.2014.02.005},
  langid = {english},
  file = {/Users/quangnguyen/Zotero/storage/CRRCJQF2/Gevers et al. - 2014 - The Treatment-Naive Microbiome in New-Onset Crohn’.pdf;/Users/quangnguyen/Zotero/storage/43PF43B4/S1931312814000638.html}
}

@article{johnson2019evaluation,
  title = {Evaluation of {{16S rRNA}} Gene Sequencing for Species and Strain-Level Microbiome Analysis},
  author = {Johnson, Jethro S. and Spakowicz, Daniel J. and Hong, Bo-Young and Petersen, Lauren M. and Demkowicz, Patrick and Chen, Lei and Leopold, Shana R. and Hanson, Blake M. and Agresta, Hanako O. and Gerstein, Mark and Sodergren, Erica and Weinstock, George M.},
  year = {2019},
  month = nov,
  journal = {Nature Communications},
  volume = {10},
  number = {1},
  pages = {1--11},
  publisher = {{Nature Publishing Group}},
  issn = {2041-1723},
  doi = {10.1038/s41467-019-13036-1},
  copyright = {2019 The Author(s)},
  langid = {english},
  file = {/Users/quangnguyen/Zotero/storage/4X9PLVQQ/Johnson et al. - 2019 - Evaluation of 16S rRNA gene sequencing for species.pdf;/Users/quangnguyen/Zotero/storage/J2AUN2YF/s41467-019-13036-1.html}
}

@article{madin2020synthesis,
  title = {A Synthesis of Bacterial and Archaeal Phenotypic Trait Data},
  author = {Madin, Joshua S. and Nielsen, Daniel A. and Brbic, Maria and Corkrey, Ross and Danko, David and Edwards, Kyle and Engqvist, Martin K. M. and Fierer, Noah and Geoghegan, Jemma L. and Gillings, Michael and Kyrpides, Nikos C. and Litchman, Elena and Mason, Christopher E. and Moore, Lisa and Nielsen, S{\o}ren L. and Paulsen, Ian T. and Price, Nathan D. and Reddy, T. B. K. and Richards, Matthew A. and Rocha, Eduardo P. C. and Schmidt, Thomas M. and Shaaban, Heba and Shukla, Maulik and Supek, Fran and Tetu, Sasha G. and {Vieira-Silva}, Sara and Wattam, Alice R. and Westfall, David A. and Westoby, Mark},
  year = {2020},
  month = jun,
  journal = {Sci Data},
  volume = {7},
  number = {1},
  pages = {170},
  publisher = {{Nature Publishing Group}},
  issn = {2052-4463},
  doi = {10.1038/s41597-020-0497-4},
  copyright = {2020 The Author(s)},
  langid = {english},
  keywords = {Archaea,Bacteria,Microbial ecology},
  annotation = {Bandiera\_abtest: a Cc\_license\_type: cc\_publicdomain Cg\_type: Nature Research Journals Primary\_atype: Research Subject\_term: Archaea;Bacteria;Microbial ecology Subject\_term\_id: archaea;bacteria;microbial-ecology},
  file = {/Users/quangnguyen/Zotero/storage/FPLFP569/Madin et al. - 2020 - A synthesis of bacterial and archaeal phenotypic t.pdf;/Users/quangnguyen/Zotero/storage/3XEWHHE6/s41597-020-0497-4.html}
}

@article{mukherjee2021genomes,
  title = {Genomes {{OnLine Database}} ({{GOLD}}) v.8: Overview and Updates},
  shorttitle = {Genomes {{OnLine Database}} ({{GOLD}}) v.8},
  author = {Mukherjee, Supratim and Stamatis, Dimitri and Bertsch, Jon and Ovchinnikova, Galina and Sundaramurthi, Jagadish~Chandrabose and Lee, Janey and Kandimalla, Mahathi and Chen, I-Min A and Kyrpides, Nikos C and Reddy, T B K},
  year = {2021},
  month = jan,
  journal = {Nucleic Acids Research},
  volume = {49},
  number = {D1},
  pages = {D723-D733},
  issn = {0305-1048, 1362-4962},
  doi = {10.1093/nar/gkaa983},
  langid = {english},
  file = {/Users/quangnguyen/Zotero/storage/63SCPYX5/Mukherjee et al_2021_Genomes OnLine Database (GOLD) v.pdf}
}

@techreport{nguyen2021cbea,
  type = {Preprint},
  title = {{{CBEA}}: {{Competitive}} Balances for Taxonomic Enrichment Analysis},
  shorttitle = {{{CBEA}}},
  author = {Nguyen, Quang P. and Hoen, Anne G. and Frost, H. Robert},
  year = {2021},
  month = sep,
  institution = {{Bioinformatics}},
  doi = {10.1101/2021.09.07.459294},
  langid = {english},
  file = {/Users/quangnguyen/Zotero/storage/K6E9AXUE/Nguyen et al_2021_CBEA.pdf}
}

@article{pasolli2017accessible,
  title = {Accessible, Curated Metagenomic Data through {{ExperimentHub}}},
  author = {Pasolli, Edoardo and Schiffer, Lucas and Manghi, Paolo and Renson, Audrey and Obenchain, Valerie and Truong, Duy Tin and Beghini, Francesco and Malik, Faizan and Ramos, Marcel and Dowd, Jennifer B. and Huttenhower, Curtis and Morgan, Martin and Segata, Nicola and Waldron, Levi},
  year = {2017},
  month = nov,
  journal = {Nature Methods},
  volume = {14},
  number = {11},
  pages = {1023--1024},
  publisher = {{Nature Publishing Group}},
  issn = {1548-7105},
  doi = {10.1038/nmeth.4468},
  copyright = {2017 Nature Publishing Group, a division of Macmillan Publishers Limited. All Rights Reserved.},
  langid = {english},
  file = {/Users/quangnguyen/Zotero/storage/Z7ZVYDKP/Pasolli et al. - 2017 - Accessible, curated metagenomic data through Exper.pdf;/Users/quangnguyen/Zotero/storage/UJT45FDB/nmeth.html}
}

@article{proctor2019integrative,
  title = {The {{Integrative Human Microbiome Project}}},
  author = {Proctor, Lita M. and Creasy, Heather H. and Fettweis, Jennifer M. and {Lloyd-Price}, Jason and Mahurkar, Anup and Zhou, Wenyu and Buck, Gregory A. and Snyder, Michael P. and Strauss, Jerome F. and Weinstock, George M. and White, Owen and Huttenhower, Curtis and {The Integrative HMP (iHMP) Research Network Consortium}},
  year = {2019},
  month = may,
  journal = {Nature},
  volume = {569},
  number = {7758},
  pages = {641--648},
  publisher = {{Nature Publishing Group}},
  issn = {1476-4687},
  doi = {10.1038/s41586-019-1238-8},
  copyright = {2019 The Author(s)},
  langid = {english},
  file = {/Users/quangnguyen/Zotero/storage/LHNLQ6VT/Proctor et al. - 2019 - The Integrative Human Microbiome Project.pdf;/Users/quangnguyen/Zotero/storage/3IAERPVV/s41586-019-1238-8.html}
}

@article{quast2013silva,
  title = {The {{SILVA}} Ribosomal {{RNA}} Gene Database Project: Improved Data Processing and Web-Based Tools},
  shorttitle = {The {{SILVA}} Ribosomal {{RNA}} Gene Database Project},
  author = {Quast, Christian and Pruesse, Elmar and Yilmaz, Pelin and Gerken, Jan and Schweer, Timmy and Yarza, Pablo and Peplies, J{\"o}rg and Gl{\"o}ckner, Frank Oliver},
  year = {2013},
  month = jan,
  journal = {Nucleic Acids Res},
  volume = {41},
  number = {D1},
  pages = {D590-D596},
  publisher = {{Oxford Academic}},
  issn = {0305-1048},
  doi = {10.1093/nar/gks1219},
  langid = {english},
  file = {/Users/quangnguyen/Zotero/storage/4ZHU84IB/Quast et al. - 2013 - The SILVA ribosomal RNA gene database project imp.pdf;/Users/quangnguyen/Zotero/storage/AH23VQR4/1069277.html}
}

@manual{rcoreteam2021language,
  type = {Manual},
  title = {R: {{A}} Language and Environment for Statistical Computing},
  author = {{R Core Team}},
  year = {2021},
  address = {{Vienna, Austria}},
  organization = {{R Foundation for Statistical Computing}}
}

@article{schiffer2019hmp16sdata,
  title = {{{HMP16SData}}: {{Efficient}} Access to the Human Microbiome Project through Bioconductor},
  author = {Schiffer, Lucas and Azhar, Rimsha and Shepherd, Lori and Ramos, Marcel and Geistlinger, Ludwig and Huttenhower, Curtis and Dowd, Jennifer B and Segata, Nicola and Waldron, Levi},
  year = {2019},
  journal = {American Journal of Epidemiology},
  publisher = {{Oxford University Press}},
  doi = {10.1093/aje/kwz006}
}

@article{schoch2020ncbi,
  title = {{{NCBI Taxonomy}}: A Comprehensive Update on Curation, Resources and Tools},
  shorttitle = {{{NCBI Taxonomy}}},
  author = {Schoch, Conrad L. and Ciufo, Stacy and Domrachev, Mikhail and Hotton, Carol L. and Kannan, Sivakumar and Khovanskaya, Rogneda and Leipe, Detlef and Mcveigh, Richard and O'Neill, Kathleen and Robbertse, Barbara and Sharma, Shobha and Soussov, Vladimir and Sullivan, John P. and Sun, Lu and Turner, Se{\'a}n and {Karsch-Mizrachi}, Ilene},
  year = {2020},
  month = jan,
  journal = {Database (Oxford)},
  volume = {2020},
  pages = {baaa062},
  issn = {1758-0463},
  doi = {10.1093/database/baaa062},
  langid = {english},
  pmcid = {PMC7408187},
  pmid = {32761142},
  keywords = {Animals,Bacteria,Classification,Database Management Systems,Databases; Genetic,Humans,National Library of Medicine (U.S.),Plants,United States,Viruses},
  file = {/Users/quangnguyen/Zotero/storage/X7YKCHEA/Schoch et al_2020_NCBI Taxonomy.pdf}
}

@article{weissman2021exploring,
  title = {Exploring the Functional Composition of the Human Microbiome Using a Hand-Curated Microbial Trait Database},
  author = {Weissman, Jake L. and Dogra, Sonia and Javadi, Keyan and Bolten, Samantha and Flint, Rachel and Davati, Cyrus and Beattie, Jess and Dixit, Keshav and Peesay, Tejasvi and Awan, Shehar and Thielen, Peter and Breitwieser, Florian and Johnson, Philip L. F. and Karig, David and Fagan, William F. and Bewick, Sharon},
  year = {2021},
  month = dec,
  journal = {BMC Bioinformatics},
  volume = {22},
  number = {1},
  pages = {306},
  issn = {1471-2105},
  doi = {10.1186/s12859-021-04216-2},
  langid = {english},
  file = {/Users/quangnguyen/Zotero/storage/FI5F9XMX/Weissman et al_2021_Exploring the functional composition of the human microbiome using a.pdf}
}

@article{zeller2014potential,
  title = {Potential of Fecal Microbiota for Early-stage Detection of Colorectal Cancer},
  author = {Zeller, Georg and Tap, Julien and Voigt, Anita Y and Sunagawa, Shinichi and Kultima, Jens Roat and Costea, Paul I and Amiot, Aur{\'e}lien and B{\"o}hm, J{\"u}rgen and Brunetti, Francesco and Habermann, Nina and Hercog, Rajna and Koch, Moritz and Luciani, Alain and Mende, Daniel R and Schneider, Martin A and Schrotz-King, Petra and Tournigand, Christophe and Tran Van Nhieu, Jeanne and Yamada, Takuji and Zimmermann, J{\"u}rgen and Benes, Vladimir and Kloor, Matthias and Ulrich, Cornelia M and Knebel Doeberitz, Magnus and Sobhani, Iradj and Bork, Peer},
  year = {2014},
  month = nov,
  journal = {Mol Syst Biol},
  volume = {10},
  number = {11},
  pages = {766},
  issn = {1744-4292, 1744-4292},
  doi = {10.15252/msb.20145645},
  langid = {english},
  file = {/Users/quangnguyen/Zotero/storage/CUGPLTGU/Zeller et al_2014_Potential of fecal microbiota for early‐stage detection of colorectal cancer.pdf}
}


